
@book{milnor,
    title = {Morse Theory},
    author = {John Milnor},
    isbn = {9780691080086},
    year = {1963},
    series = {Annals of Mathematics Studies},
    publisher = {Princeton University Press},
}

@book{salamon,
    title = {Introduction to Differential Geometry},
    author = {Dietmar Arno Salamon and Joel Robbin},
    isbn = {9780198520115},
    url = {https://people.math.ethz.ch/~salamon/PREPRINTS/diffgeo.pdf},
    year = {2022},
}

@book{lee,
    title = {Introduction to Riemannian Manifolds},
    author = {John Lee},
    isbn = {9783319917542},
    series = {International series of monographs on physics},
    year = {2018},
    publisher = {Springer International Publishing},
}
